<?xml version="1.0" encoding="UTF-8"?><collection xmlns="http://www.loc.gov/MARC21/slim"><record><leader>00672nam--2200193-i-4500</leader><controlfield tag="001">000017086</controlfield><controlfield tag="002">20161230</controlfield><controlfield tag="005">20161230201032</controlfield><controlfield tag="008">060222s1000------------r-----000-0-eng-d</controlfield><datafield ind1=" " ind2=" " tag="020"><subfield code="a">9971505436</subfield></datafield><datafield ind1=" " ind2=" " tag="040"><subfield code="a">IFIN-HH</subfield></datafield><datafield ind1=" " ind2=" " tag="080"><subfield code="a">539.12.162.8(061.3)</subfield></datafield><datafield ind1="1" ind2=" " tag="100"><subfield code="a">Brau, J.E./S.A.</subfield></datafield><datafield ind1="1" ind2="0" tag="245"><subfield code="a">Collider physics. current status and future prospects</subfield><subfield code="b">8th international conference on high energy physics at vanderbit, vanderbit university, nashville, tennessee, 8-10 october, 1987</subfield><subfield code="c">J.e. brau, r.s. panvini (eds.)</subfield></datafield><datafield ind1=" " ind2=" " tag="260"><subfield code="a">Singapore</subfield><subfield code="b">World Scientific</subfield><subfield code="c">1988</subfield></datafield><datafield ind1=" " ind2=" " tag="300"><subfield code="a">499P</subfield></datafield><datafield ind1="1" ind2=" " tag="700"><subfield code="a">Panvini, R.S</subfield><subfield code="e">Ed</subfield></datafield><datafield ind1=" " ind2=" " tag="852"><subfield code="a">79739</subfield><subfield code="c">539.12</subfield></datafield><datafield ind1=" " ind2=" " tag="CAT"><subfield code="a">Sys</subfield><subfield code="c">20120201</subfield><subfield code="h">130044</subfield></datafield></record></collection>